[gd_scene load_steps=16 format=3 uid="uid://vwrvg80lm8bo"]

[ext_resource type="Script" path="res://player/camera_smooth_physics.gd" id="1"]
[ext_resource type="Script" path="res://player/player.gd" id="2"]
[ext_resource type="PackedScene" uid="uid://cumppnpyp3rvp" path="res://player/player_gui.tscn" id="3"]
[ext_resource type="Script" uid="uid://dgt8w5uaayvs7" path="res://interfaces/i_flash.gd" id="4"]
[ext_resource type="AudioStream" uid="uid://bpr2moy743a2l" path="res://assets/sounds/footstep_6.ogg" id="5"]
[ext_resource type="Environment" uid="uid://cvy5p3qu75kqs" path="res://default_env.tres" id="5_gl44e"]
[ext_resource type="PackedScene" uid="uid://cg2hwbf2q2jbt" path="res://world_item/guns/kf1.tscn" id="6"]
[ext_resource type="Script" path="res://interfaces/i_health.gd" id="7"]
[ext_resource type="Script" uid="uid://yfid0g7rmweg" path="res://util/RandomAudioPlayer3D.gd" id="8"]
[ext_resource type="AudioStream" uid="uid://cf4b6by586u6i" path="res://assets/sounds/footstep_9.ogg" id="9"]
[ext_resource type="PackedScene" uid="uid://e5i6h3rgco7j" path="res://assets/character/default_character.tscn" id="10_fne66"]
[ext_resource type="Script" uid="uid://dsamqee0smhg6" path="res://interfaces/i_smoke_screen.gd" id="11"]

[sub_resource type="CylinderShape3D" id="1"]
height = 4.5
radius = 2.2

[sub_resource type="CylinderShape3D" id="9"]
custom_solver_bias = 0.001
margin = 0.001
height = 4.5
radius = 1.0

[sub_resource type="SphereMesh" id="SphereMesh_m56ri"]
radius = 0.63
height = 1.44
radial_segments = 4
rings = 1
is_hemisphere = true

[node name="Player" type="CharacterBody3D" groups=["PLAYER"]]
collision_layer = 6
script = ExtResource("2")

[node name="IHealth" type="Node" parent="."]
script = ExtResource("7")
max_armor = 100.0

[node name="IFlash" type="Node" parent="."]
script = ExtResource("4")

[node name="ISmokeScreen" type="Node" parent="."]
script = ExtResource("11")

[node name="Area3D" type="Area3D" parent="."]
collision_layer = 0
collision_mask = 8
monitorable = false

[node name="CollisionShape3D" type="CollisionShape3D" parent="Area3D"]
shape = SubResource("1")

[node name="Body" type="CollisionShape3D" parent="."]
transform = Transform3D(1, 0, 0, 0, 1, -1.06581e-14, 0, 1.06581e-14, 1, 0, 0, 0)
shape = SubResource("9")

[node name="ParentPivot" type="Node3D" parent="."]

[node name="Pivot" type="Node3D" parent="ParentPivot"]
transform = Transform3D(1, 0, 0, 0, 1, 0, 0, 0, 1, 0, 1.9, 0)

[node name="Camera3D" type="Camera3D" parent="ParentPivot/Pivot"]
cull_mask = 1048573
environment = ExtResource("5_gl44e")
fov = 70.0
size = 5.0
far = 300.0
script = ExtResource("1")

[node name="SmokeOverlay" type="ColorRect" parent="ParentPivot/Pivot/Camera3D"]
anchors_preset = 15
anchor_right = 1.0
anchor_bottom = 1.0
mouse_filter = 2
color = Color(1, 0, 0, 0)

[node name="PlayerGui" parent="ParentPivot/Pivot/Camera3D" instance=ExtResource("3")]

[node name="FlashOverlay" type="ColorRect" parent="ParentPivot/Pivot/Camera3D"]
anchors_preset = 15
anchor_right = 1.0
anchor_bottom = 1.0
mouse_filter = 2
color = Color(1, 1, 1, 0)

[node name="GunContainer" type="Node3D" parent="ParentPivot/Pivot/Camera3D"]
transform = Transform3D(1, 0, 0, 0, 1, 0, 0, 0, 1, 0.619, -0.281, -0.844)

[node name="KF1" parent="ParentPivot/Pivot/Camera3D/GunContainer" instance=ExtResource("6")]

[node name="DefaultCharacter" parent="ParentPivot" instance=ExtResource("10_fne66")]
transform = Transform3D(-2.5, 0, 2.18557e-07, 0, 2.5, 0, -2.18557e-07, 0, -2.5, 0, -2.2, 0)

[node name="HeadLimitRayCast" type="RayCast3D" parent="."]
transform = Transform3D(1, 0, 0, 0, 1, 0, 0, 0, 1, 0, 2.5, 0)

[node name="RandomWalkingAudioPlayer3D" type="Node3D" parent="."]
script = ExtResource("8")
pitch_range = 0.1
interval_seconds = 0.35

[node name="AudioStreamPlayer3D" type="AudioStreamPlayer3D" parent="RandomWalkingAudioPlayer3D"]
stream = ExtResource("5")
volume_db = -10.0

[node name="RandomDroppingAudioPlayer3D" type="Node3D" parent="."]
script = ExtResource("8")
interval_seconds = 0.3

[node name="AudioStreamPlayer3D" type="AudioStreamPlayer3D" parent="RandomDroppingAudioPlayer3D"]
stream = ExtResource("9")
volume_db = -10.0
pitch_scale = 0.9

[node name="CanvasLayer" type="CanvasLayer" parent="."]

[node name="DebugPhysicsPlayerPosition" type="MeshInstance3D" parent="."]
transform = Transform3D(1, 0, 0, 0, -4.37114e-08, 1, 0, -1, -4.37114e-08, 0, 0, 0)
mesh = SubResource("SphereMesh_m56ri")

[connection signal="health_changed" from="IHealth" to="." method="_on_IHealth_health_changed"]
[connection signal="flashed" from="IFlash" to="." method="_on_IFlash_flashed"]
[connection signal="vision_smoked" from="ISmokeScreen" to="." method="_on_ISmokeScreen_vision_smoked"]
[connection signal="body_entered" from="Area3D" to="." method="_on_Area_body_entered"]
